@article{DBLP:journals/corr/abs-2101-05919,
  author     = {Tugrulcan Elmas and
                Rebekah Overdorf and
                Karl Aberer},
  title      = {A Dataset of State-Censored Tweets},
  journal    = {CoRR},
  volume     = {abs/2101.05919},
  year       = {2021},
  url        = {https://arxiv.org/abs/2101.05919},
  eprinttype = {arXiv},
  eprint     = {2101.05919},
  timestamp  = {Fri, 22 Jan 2021 15:16:00 +0100},
  biburl     = {https://dblp.org/rec/journals/corr/abs-2101-05919.bib},
  bibsource  = {dblp computer science bibliography, https://dblp.org}
}

@article{DBLP:journals/corr/abs-2010-12421,
  author     = {Francesco Barbieri and
                Jos{\'{e}} Camacho{-}Collados and
                Leonardo Neves and
                Luis Espinosa Anke},
  title      = {TweetEval: Unified Benchmark and Comparative Evaluation for Tweet
                Classification},
  journal    = {CoRR},
  volume     = {abs/2010.12421},
  year       = {2020},
  url        = {https://arxiv.org/abs/2010.12421},
  eprinttype = {arXiv},
  eprint     = {2010.12421},
  timestamp  = {Tue, 27 Oct 2020 11:22:08 +0100},
  biburl     = {https://dblp.org/rec/journals/corr/abs-2010-12421.bib},
  bibsource  = {dblp computer science bibliography, https://dblp.org}
}

@misc{schweter2020flert,
  title         = {FLERT: Document-Level Features for Named Entity Recognition},
  author        = {Stefan Schweter and Alan Akbik},
  year          = {2020},
  eprint        = {2011.06993},
  archiveprefix = {arXiv},
  primaryclass  = {cs.CL}
}
